<record><leader>00000cas a22000007a 4500</leader><controlfield tag="001">13661843</controlfield><controlfield tag="008">860530d19261929nvuwr ne      0    0eng d</controlfield><datafield ind1=" " ind2=" " tag="010"><subfield code="a">sn 86076175 </subfield></datafield><datafield ind1=" " ind2=" " tag="040"><subfield code="a">NNX</subfield><subfield code="b">eng</subfield><subfield code="c">NNX</subfield><subfield code="d">CNK</subfield><subfield code="d">OCLCQ</subfield></datafield><datafield ind1=" " ind2=" " tag="042"><subfield code="a">msc</subfield></datafield><datafield ind1="0" ind2="0" tag="245"><subfield code="a">Nevada mining record.</subfield></datafield><datafield ind1=" " ind2=" " tag="260"><subfield code="a">Tonopah, Nev. :</subfield><subfield code="b">F.F. Garside,</subfield><subfield code="c">1926-1929.</subfield></datafield><datafield ind1=" " ind2=" " tag="300"><subfield code="a">4 v. :</subfield><subfield code="b">ill.</subfield></datafield><datafield ind1=" " ind2=" " tag="310"><subfield code="a">Weekly</subfield></datafield><datafield ind1="0" ind2=" " tag="362"><subfield code="a">Vol. 2, no. 13 (May 15, 1926)-v. 5, no. 45 (Nov. 16, 1929).</subfield></datafield><datafield ind1="8" ind2=" " tag="521"><subfield code="a">Mining.</subfield></datafield><datafield ind1=" " ind2=" " tag="752"><subfield code="a">United States</subfield><subfield code="b">Nevada</subfield><subfield code="c">Nye</subfield><subfield code="d">Tonopah.</subfield></datafield><datafield ind1="0" ind2="0" tag="780"><subfield code="t">Gilbert record</subfield><subfield code="w">(DLC)sn 86076181</subfield><subfield code="w">(OCoLC)13661823</subfield></datafield><datafield ind1="0" ind2="7" tag="785"><subfield code="t">Tonopah mining reporter</subfield><subfield code="w">(DLC)sn 86076133</subfield><subfield code="w">(OCoLC)13539801</subfield></datafield><datafield ind1="0" ind2="7" tag="785"><subfield code="t">Nevada mining record and reporter</subfield><subfield code="w">(DLC)sn 86076174</subfield></datafield><datafield ind1="1" ind2=" " tag="029"><subfield code="a">AU@</subfield><subfield code="b">000024500432</subfield></datafield></record>